% use `texdoc biblatex` to get help
@www{zjuthesisrules,
  title  = {浙江大学本科生毕业论文（设计）编写规则},
  author = {浙江大学本科生院},
  year   = {2018},
  url    = {http://bksy.zju.edu.cn/attachments/2018-01/01-1517384518-1149149.pdf}
}
@www{tikz,
  title  = {tikz宏包},
  author = {Till Tantau},
  year   = {2018},
  url    = {https://sourceforge.net/projects/pgf/}
}
@www{zjuthesis,
  title  = {浙江大学毕业设计/论文模板},
  author = {王子轩},
  year   = {2019},
  url    = {https://github.com/TheNetAdmin/zjuthesis}
}
@www{zjugradthesisrules,
  title  = {浙江大学研究生学位论文编写规则},
  author = {浙江大学研究生院},
  year   = {2008},
  url    = {http://grs.zju.edu.cn/redir.php?catalog_id=10038&object_id=12877}
}
@article{introArticle1,
  author  = {{Weichert F, Bachmann D, Rudak B, Fisseler D}},
  journal = {Sensors},
  title   = {Analysis of the accuracy and robustness of the leap motion controller},
  volume  = {{13(5)}},
  pages   = {{6380-6393}},
  year    = {2013}
}

@article{introArticle2,
  author  = {{Lien J, Gillian N, Karagozler ME, Amyhood P, Schwesig C, Olson E, Raja H, Poupyrev I}},
  journal = {ACM Transactions on Graphics},
  title   = {Soli: Ubiquitous gesture sensing with millimeter wave radar},
  volume  = {{35(4)}},
  pages   = {{1-19}},
  year    = {2016}
}

@misc{introArticle3,
  author = {{Nymoen K, Haugen MR, Jensenius AR}},
  title  = {{MuMYO - Evaluating and Exploring the MYO armband for musical interaction. International Conference on New Interfaces for Musical Expression}},
  school = {{The School of Music and the Center for Computation and Technology (CCT), Louisiana State University}},
  year   = {2015}
}

@misc{introArticle4,
  author      = {{Romero J, Dimitrios Tzionas, Black JM}},
  title       = {{Embodied Hands: Modeling and capturing hands and bodies together}},
  institution = {{SIGGRAPH Asia}},
  year        = {2017}
}

@article{introArticle5,
  author  = {{Tompson J, Stein M, LeCun Y, Perlin K}},
  journal = {ACM Trans. Graph},
  title   = {Real-time continuous pose recovery of human hands using convolutional networks},
  volume  = {{33(5)}},
  pages   = {{1-10}},
  year    = {2014}
}

@conference{introArticle6,
  author  = {{Oberweger M, Lepetit V}},
  booktitle = {Proceedings of the IEEE International Conference on Computer Vision},
  title   = {Improving fast and accurate 3D hand pose estimation},
  pages   = {{585-594}},
  year    = {2017}
}

@conference{introArticle7,
  author  = {{Moon GS, Chang YJ, Lee KM}},
  booktitle = {Proceedings of the IEEE Conference on Computer Vision and Pattern Recognition},
  title   = {V2v-posenet: voxel-to-voxel prediction network for accurate 3D hand and human pose estimation from a single depth map},
  pages   = {{5080-5088}},
  year    = {2018}
}

@conference{introArticle8,
  author  = {{Rad M, Oberweger M, Lepetit V}},
  booktitle = {Proceedings of the IEEE Conference on Computer Vision and Pattern Recognition},
  title   = {Feature mapping for learing fast and accurate 3D pose inference from synthetic images},
  pages   = {{4663-4672}},
  year    = {2018}
}

@conference{introArticle9,
  author  = {{Poier G, Schinagl D, Bischof H}},
  booktitle = {Proceedings of the IEEE Conference on Computer Vision and Pattern Recognition},
  title   = {Learning pose specific representations by predicting different views},
  pages   = {{60-69}},
  year    = {2018}
}

@conference{introArticle10,
  author  = {{Ye Q, Yuan S, Kim T K}},
  booktitle = {European conference on computer vision},
  title   = {Spatial attention deep net with partial pso for hierarchical hyrid hand pose estimation},
  pages   = {{346-361}},
  year    = {2016}
}

@conference{introArticle11,
  author  = {{Simon T, Joo H, Matthews I, Sheikh Y}},
  booktitle = {Proceedings of the IEEE Conference on Computer Vision and Pattern Recognition},
  title   = {Hand keypoint detection in single images using multiview bootstrapping},
  pages   = {{1145-1153}},
  year    = {2017}
}

@conference{introArticle12,
  author  = {{Mueller F, Bernard F, Sotnychenko O, Mehta D, Sridhar S, Casas D, Theobalt C}},
  booktitle = {Proceedings of the IEEE Conference on Computer Vision and Pattern Recognition},
  title   = {GANerated hands for real-time 3D hand tracking from monocular RGB},
  pages   = {{49-59}},
  year    = {2018}
}

@conference{introArticle13,
  author  = {{Malik J, Elhayek A, Nummari F, Varanasi K, Tamaddon K, Heloir A, Stricker D}},
  booktitle = {2018 International Conference on 3D Vision (3DV), Verona},
  title   = {DeepHPS: End-to-end estimation of 3D hand pose and shape by learning from synthetic depth},
  pages   = {{110-119}},
  year    = {2018}
}

@article{introArticle14,
  author  = {{Han SC, Liu BB, Wang R, Ye YT, Twigg CD, Chen K}},
  journal = {ACM Transactions on Graphics},
  title   = {Online optical marker-based hand tracking with deep labels},
  pages   = {{No: 166}},
  volume  = {34(7)},
  year    = {2018}
}

@conference{introArticle15,
  author  = {{Oikonomidis I, Kyriazis N, Argyros AA}},
  booktitle = {British Machine Vision Conference (BMVC)},
  title   = {Efficient model-based 3D tracking of hand articulations using kinect},
  volume  = {3(1)},
  year    = {2011}
}

@conference{introArticle16,
  author  = {{Oberweger M, Wohlhart P, Lepetit V}},
  booktitle = {Proceedings of the IEEE International Conference on Computer Vision},
  title   = {Training a feed back loop for hand pose estimation},
  pages  = {{3316-3324}},
  year    = {2015}
}

@conference{introArticle17,
  author  = {{Ge LH, Liang H, Yuan JS, Thalmann D}},
  booktitle = {Proceedings of the IEEE Conference on Computer Vision and Pattern Recognition},
  title   = {Robust 3D hand pose estimation in single depth images: from single-view cnn to multi-view cnns},
  pages  = {{3593-3601}},
  year    = {2016}
}


@article{mainArticle1,
  author          = {{Yang, Z., Yan, S., Van Beijnum, B. J. F., Li, B., \& Veltink, P. H.}},
  journal         = {{IEEE Transactions on Instrumentation and Measurement}},
  title           = {{Estimate Hand-Finger Position With One Magnetometer and Known Relative Orientation}},
  volume          = {70},
  year            = {2021},
  pages           = {1-11}
}

@article{mainArticle2,
  author          = {{Yang, Z., Yan, S., Van Beijnum, B. J. F., Li, B., \& Veltink, P. H.}},
  journal         = {{Sensors}},
  title           = {{Estimation of Relative Hand-Finger Orientation Using a Small IMU Configuration}},
  volume          = {{20(14)}},
  year            = {2020},
  pages           = {4008}
}

@article{mainArticle3,
  author          = {{Yang, Z., Yan, S., Van Beijnum, B. J. F., Li, B., \& Veltink, P. H.}},
  journal         = {{IEEE Sensors Journal}},
  title           = {{Hand-finger pose estimation using inertial sensors, magnetic sensors and a magnet.}},
  volume          = {{20(12)}},
  pages           = {308},
  year            = {2021}
}